<?xml version="1.0" encoding="UTF-8"?><collection xmlns="http://www.loc.gov/MARC21/slim"><record><leader>00478nam--2200181-u-4500</leader><controlfield tag="001">000054586</controlfield><controlfield tag="002">20161230</controlfield><controlfield tag="005">20161230201051</controlfield><controlfield tag="008">120320s1000------------r-----000-0-rus-d</controlfield><datafield ind1=" " ind2=" " tag="040"><subfield code="a">IFIN-HH</subfield></datafield><datafield ind1=" " ind2=" " tag="041"><subfield code="a">rus</subfield></datafield><datafield ind1=" " ind2=" " tag="080"><subfield code="a">539.14</subfield></datafield><datafield ind1="1" ind2=" " tag="100"><subfield code="a">Zolotavin, A.V</subfield></datafield><datafield ind1="1" ind2="0" tag="245"><subfield code="a">Svoistva atomnih iader</subfield><subfield code="b">Vipusk 9 izolarnie iadra s massovim ceislom a=75</subfield><subfield code="c">A.v. zolotavin</subfield></datafield><datafield ind1=" " ind2=" " tag="260"><subfield code="a">Leningrad</subfield><subfield code="b">Nauka</subfield><subfield code="c">1969</subfield></datafield><datafield ind1=" " ind2=" " tag="300"><subfield code="a">78P</subfield></datafield><datafield ind1=" " ind2=" " tag="852"><subfield code="a">7201</subfield><subfield code="c">539.14</subfield></datafield><datafield ind1=" " ind2=" " tag="CAT"><subfield code="a">Sys</subfield><subfield code="c">20120320</subfield><subfield code="h">125727</subfield></datafield></record></collection>